@online{peb,
    title = {Плавучие АЭС для дальних регионов},
    url = {http://www.ng.ru/energy/2008-08-12/14\_technology.html}
}
@article{макаров2000опыт,
  title={Опыт создания и эксплуатации реакторных установок гражданских судов},
  author={Макаров, ВИ and Пологих, БГ and Хлопкин, НС and Митенков, ФМ and Панов, ЮК and Полуничев, ВИ and Яковлев, ОА},
  journal={Атомная энергия},
  volume={89},
  number={3},
  pages={179--189},
  year={2000},
  publisher={Некоммерческая организация" Редакция журнала" Атомная энергия"}
}
@article{xlopkin,
  title={Морская атомная энергетика: учеб. пособие},
  author={Хлопкин, Н.С.},
  journal={М.: МИФИ},
  year={2007}
}
@article{deev,
  title={Основы расчета судовых ЯЭУ: Учебное пособие},
  author={Деев В.И., Щукин Н.В., Черезов А.Л.},
  journal={М.:НИЯУ МИФИ},
  year={2012}
}
